%% This BibTeX bibliography file was created using BibDesk.
%% http://bibdesk.sourceforge.net/


%% Created for Олег Нагорный at 2015-06-08 19:47:39 +0600 


%% Saved with string encoding Unicode (UTF-8) 



@article{zizi,
	Author = {Papacharissi, Zizi},
	Date-Added = {2015-06-08 13:38:42 +0000},
	Date-Modified = {2015-06-08 13:47:16 +0000},
	Journal = {Blogging, citizenship, and the future of media},
	Publisher = {Routledge},
	Title = {Audiences as Media Producers: Content Analysis of 260 Blogs},
	Url = {http://tigger.uic.edu/~zizi/Site/Research_files/TremayneChapterBlogs.pdf},
	Year = {2007}}

@book{soc_workbook,
	Author = {Осипов, Г. В.},
	Date-Added = {2015-06-08 11:35:41 +0000},
	Date-Modified = {2015-06-08 11:40:54 +0000},
	Language = {russian},
	Title = {Рабочая книга социолога}}

@article{mining_consumer_reviews,
	Author = {Archak, Nikolay and Ghose, Anindya and Ipeirotis, Panagiotis},
	Journal = {Management Science},
	Month = {August},
	Number = {8},
	Owner = {Hun},
	Pages = {1485-1509},
	Timestamp = {2014.03.24},
	Title = {Deriving the pricing power of product features by mining consumer reviews},
	Url = {http://pages.stern.nyu.edu/~aghose/pricingpower_print.pdf},
	Volume = {57},
	Year = {2011},
	Bdsk-Url-1 = {http://pages.stern.nyu.edu/~aghose/pricingpower_print.pdf}}

@inproceedings{Arun_KL,
	Acmid = {2177124},
	Address = {Berlin, Heidelberg},
	Author = {Arun, R. and Suresh, V. and Veni Madhavan, C. E. and Narasimha Murthy, M. N.},
	Booktitle = {Proceedings of the 14th Pacific-Asia Conference on Advances in Knowledge Discovery and Data Mining - Volume Part I},
	Doi = {10.1007/978-3-642-13657-3_43},
	Isbn = {3-642-13656-7, 978-3-642-13656-6},
	Keywords = {KL-divergence, LDA, SVD, topic},
	Location = {Hyderabad, India},
	Numpages = {12},
	Pages = {391--402},
	Publisher = {Springer-Verlag},
	Series = {PAKDD'10},
	Title = {On Finding the Natural Number of Topics with Latent Dirichlet Allocation: Some Observations},
	Url = {http://dx.doi.org/10.1007/978-3-642-13657-3\_43},
	Year = {2010},
	Bdsk-Url-1 = {http://dx.doi.org/10.1007/978-3-642-13657-3%5C_43},
	Bdsk-Url-2 = {http://dx.doi.org/10.1007/978-3-642-13657-3_43}}

@article{Google_econometrics,
	Author = {Askitas, Nikolaos and Zimmermann, Klaus F.},
	Journal = {Applied Economics Quarterly},
	Month = {April},
	Number = {2},
	Owner = {Hun},
	Pages = {107-120},
	Timestamp = {2014.03.24},
	Title = {Google econometrics and unemployment forecasting},
	Url = {http://ftp.iza.org/dp4201.pdf},
	Volume = {55},
	Year = {2009},
	Bdsk-Url-1 = {http://ftp.iza.org/dp4201.pdf}}

@misc{hp_predicting,
	Author = {Asur, Sitaram and Huberman, Bernardo A.},
	Language = russian,
	Owner = {hun},
	Timestamp = {2015.05.19},
	Title = {Predicting the Future With Social Media},
	Url = {http://www.hpl.hp.com/research/scl/papers/socialmedia/socialmedia.pdf},
	Bdsk-Url-1 = {http://www.hpl.hp.com/research/scl/papers/socialmedia/socialmedia.pdf}}

@article{LDAOrigin,
	Acmid = {944937},
	Author = {Blei, David M. and Ng, Andrew Y. and Jordan, Michael I.},
	Issn = {1532-4435},
	Issue_Date = {3/1/2003},
	Journal = {J. Mach. Learn. Res.},
	Month = {March},
	Numpages = {30},
	Pages = {993--1022},
	Publisher = {JMLR.org},
	Title = {Latent Dirichlet Allocation},
	Url = {http://machinelearning.wustl.edu/mlpapers/paper_files/BleiNJ03.pdf},
	Volume = {3},
	Year = {2003},
	Bdsk-Url-1 = {http://machinelearning.wustl.edu/mlpapers/paper_files/BleiNJ03.pdf}}

@inproceedings{NeedlesInAHaystack,
	Author = {Bodrunova, Svetlana and Koltsov, Sergei and Koltsova, Olessia and Nikolenko, Sergey and Shimorina, Anastasia},
	Booktitle = {Advances in Artificial Intelligence and Its Applications},
	Editor = {Castro, F{\'e}lix and Gelbukh, Alexander and Gonz{\'a}lez, Miguel},
	Month = {November},
	Owner = {hun},
	Pages = {265-274},
	Publisher = {Springer Berlin Heidelberg},
	Timestamp = {2015.02.22},
	Title = {Interval Semi-supervised LDA: Classifying Needles in a Haystack},
	Url = {http://www.hse.ru/data/2013/10/03/1277898420/micai2013-182-final-easychair.pdf},
	Volume = {1},
	Year = {2013},
	Bdsk-Url-1 = {http://www.hse.ru/data/2013/10/03/1277898420/micai2013-182-final-easychair.pdf}}

@article{Tetlock2007,
	Author = {C. Tetlock, Paul},
	Journal = {The Journal of Finance},
	Month = {June},
	Number = {3},
	Owner = {Hun},
	Pages = {1139-1168},
	Timestamp = {2014.03.24},
	Title = {Giving content to investor sentiment: The role of media in the stock market},
	Url = {http://www0.gsb.columbia.edu/faculty/ptetlock/papers/Tetlock_JF_07_Giving_Content_to_Investor_Sentiment.pdf},
	Volume = {62},
	Year = {2007},
	Bdsk-Url-1 = {http://www0.gsb.columbia.edu/faculty/ptetlock/papers/Tetlock_JF_07_Giving_Content_to_Investor_Sentiment.pdf}}

@article{EgyptianUprising2012,
	Author = {Causey, Charles},
	File = {:/home/hun/Thesis/books/text mining/The Battle for Bystanders\: Information, Meaning Contests, and Collective Action in the Egyptian Uprising of 2011.pdf:PDF},
	Owner = {hun},
	Timestamp = {2013.12.04},
	Title = {The Battle for Bystanders: Information, Meaning Contests, and Collective Action in the Egyptian Uprising of 2011},
	Year = {2012}}

@book{Christensen2010,
	Author = {Christensen, R. and Johnson, W. and Branscum, A. and Hanson, T.},
	Edition = {1},
	File = {:/home/hun/Thesis/books/Теория вероятностей/1027401_2F014_christensen_r_et_al_bayesian_ideas_and_data_analysis_an_intr.pdf:PDF},
	Owner = {ihun},
	Pages = {516},
	Publisher = {CRC Press},
	Timestamp = {2013.11.07},
	Title = {Bayesian Ideas and Data Analysis: An Introduction for Scientists and Statisticians},
	Year = {2010}}

@article{LDASurvey,
	Added-At = {2010-10-30T00:00:00.000+0200},
	Author = {Daud, Ali and Li, Juanzi and Zhou, Lizhu and Muhammad, Faqir},
	Biburl = {http://www.bibsonomy.org/bibtex/267a688b33d23df86b1ed2a07cf6d129a/dblp},
	Ee = {http://dx.doi.org/10.1007/s11704-009-0062-y},
	Interhash = {70eea81778fbeef1a8e1419a132d8772},
	Intrahash = {67a688b33d23df86b1ed2a07cf6d129a},
	Journal = {Frontiers of Computer Science in China},
	Number = {2},
	Pages = {280-301},
	Timestamp = {2010-10-30T00:00:00.000+0200},
	Title = {Knowledge discovery through directed probabilistic topic models: a survey.},
	Url = {http://www.machinelearning.ru/wiki/images/9/90/Daud2009survey-rus.pdf},
	Volume = {4},
	Year = {2010},
	Bdsk-Url-1 = {http://www.machinelearning.ru/wiki/images/9/90/Daud2009survey-rus.pdf}}

@article{poetics_topics,
	Author = {DiMaggio, Paul and Nag, Manish and Blei, David},
	Journal = {Poetics},
	Month = {12},
	Number = {6},
	Owner = {hun},
	Pages = {570-606},
	Timestamp = {2015.03.29},
	Title = {Exploiting affinities between topic modeling and the sociological perspective on culture: Application to newspaper coverage of U.S. government arts funding},
	Url = {http://www.theculturelab.umd.edu/uploads/1/4/2/2/14225661/exploitingaffinities_dimaggio.pdf},
	Volume = {41},
	Year = {2013},
	Bdsk-Url-1 = {http://www.theculturelab.umd.edu/uploads/1/4/2/2/14225661/exploitingaffinities_dimaggio.pdf}}

@other{Efron2005,
	Author = {Bradley Efron},
	Institution = {Division of Biostatistics, Stanford University},
	Owner = {ihun},
	Timestamp = {2013.11.01},
	Title = {Modern Science and the Bayesian-Frequentist Controversy},
	Type = {Technical report},
	Url = {http://www-stat.stanford.edu/~ckirby/brad/papers/2005NEWModernScience.pdf},
	Year = {2005},
	Bdsk-Url-1 = {http://www-stat.stanford.edu/~ckirby/brad/papers/2005NEWModernScience.pdf}}

@inproceedings{geographic_lexical_variation,
	Author = {Eisenstein, Jacob and O'Connor, Brendan and Smith, Noah A. and Xing, Eric P.},
	Booktitle = {Proceedings of the 2010 Conference on Empirical Methods in Natural Language Processing},
	Owner = {Hun},
	Pages = {1277-1287},
	Timestamp = {2014.03.24},
	Title = {A latent variable model for geographic lexical variation},
	Url = {http://www.cs.cmu.edu/~nasmith/papers/eisenstein+oconnor+smith+xing.emnlp10.pdf},
	Year = {2010},
	Bdsk-Url-1 = {http://www.cs.cmu.edu/~nasmith/papers/eisenstein+oconnor+smith+xing.emnlp10.pdf}}

@article{seasonal_mood,
	Author = {Golder, Scott A. and Macy, Michael W.},
	Journal = {Science},
	Month = {September},
	Owner = {Hun},
	Pages = {1878-1881},
	Timestamp = {2014.03.24},
	Title = {Diurnal and seasonal mood vary with work, sleep, and daylength across diverse cultures},
	Url = {http://www3.ntu.edu.sg/home/linqiu/teaching/psychoinformatics/Diurnal and Seasonal Mood Vary Across Diverse Cultures.pdf},
	Volume = {333},
	Year = {2011},
	Bdsk-Url-1 = {http://www3.ntu.edu.sg/home/linqiu/teaching/psychoinformatics/Diurnal%20and%20Seasonal%20Mood%20Vary%20Across%20Diverse%20Cultures.pdf}}

@book{Han2006,
	Author = {Han, Jiawei and Kamber, Micheline},
	Edition = {2},
	Editor = {Gray, Jim},
	File = {:/home/hun/Thesis/books/! han_j_kamber_m_data_mining_concepts_and_techniques.pdf:PDF},
	Owner = {hun},
	Publisher = {Elsevier},
	Timestamp = {2013.11.22},
	Title = {Data Mining: Concepts and Techniques},
	Year = {2006}}

@article{tm_and_ca,
	Abstract = {The objective of this article is to illustrate that text mining and qualitative research are epistemologically compatible. First, like many qualitative research approaches, such as grounded theory, text mining encourages open-mindedness and discourages preconceptions. Contrary to the popular belief that text mining is a linear and fully automated procedure, the text miner might add, delete, and revise the initial categories in an iterative fashion. Second, text mining is similar to content analysis, which also aims to extract common themes and threads by counting words. Although both of them utilize computer algorithms, text mining is characterized by its capability of processing natural languages. Last, the criteria of sound text mining adhere to those in qualitative research in terms of consistency and replicability.},
	Author = {Ho Yu, Chong and Jannasch-Pennell, Angel and DiGangi, Samuel},
	Journal = {The Qualitative Report},
	Number = {3},
	Owner = {hun},
	Pages = {730-744},
	Timestamp = {2014.11.17},
	Title = {Compatibility between Text Mining and Qualitative Research in the Perspectives of Grounded Theory, Content Analysis, and Reliability},
	Url = {http://www.nova.edu/ssss/QR/QR16-3/yu.pdf},
	Volume = {16},
	Bdsk-Url-1 = {http://www.nova.edu/ssss/QR/QR16-3/yu.pdf}}

@inproceedings{HoffmanBB10,
	Added-At = {2011-11-14T00:00:00.000+0100},
	Author = {Hoffman, Matthew D. and Blei, David M. and Bach, Francis R.},
	Biburl = {http://www.bibsonomy.org/bibtex/25c7f40565b1b28bbd051e207d7997cf6/dblp},
	Booktitle = {NIPS},
	Editor = {Lafferty, John D. and Williams, Christopher K. I. and Shawe-Taylor, John and Zemel, Richard S. and Culotta, Aron},
	Ee = {http://books.nips.cc/papers/files/nips23/NIPS2010_1291.pdf},
	Interhash = {6b8c9b745b87febd9cb74e50cca70b4c},
	Intrahash = {5c7f40565b1b28bbd051e207d7997cf6},
	Keywords = {dblp},
	Pages = {856-864},
	Publisher = {Curran Associates, Inc.},
	Timestamp = {2011-11-14T00:00:00.000+0100},
	Title = {Online Learning for Latent Dirichlet Allocation.},
	Url = {https://www.cs.princeton.edu/~blei/papers/HoffmanBleiBach2010b.pdf},
	Year = {2010},
	Bdsk-Url-1 = {https://www.cs.princeton.edu/~blei/papers/HoffmanBleiBach2010b.pdf}}

@article{encyclopedie,
	Author = {Horton, Russell and Morrissey, Robert and Olsen, Mark and Roe, Glenn and Voyer, Robert},
	Journal = {Digital Humanities Quarterly},
	Number = {2},
	Owner = {Hun},
	Timestamp = {2014.03.24},
	Title = {Mining Eighteenth Century Ontologies: Machine Learning and Knowledge Classification in the Encyclopedie},
	Url = {http://www.digitalhumanities.org/dhq/vol/3/2/000044/000044.html},
	Volume = {3},
	Year = {2009},
	Bdsk-Url-1 = {http://www.digitalhumanities.org/dhq/vol/3/2/000044/000044.html}}

@book{Jeffreys1983,
	Address = {Oxford},
	Author = {Harold Jeffreys},
	Edition = {3},
	Owner = {ihun},
	Publisher = {Clarendon Press},
	Timestamp = {2013.11.02},
	Title = {Theory of Probability},
	Year = {1983}}

@article{MediaCoverage2012,
	Author = {Junqu{\'e} de Fortuny, E. and De Smedt, T. and Martens, D. and Daelemans, W.},
	File = {:/home/hun/Thesis/books/text mining/Media coverage in times of political crisis.pdf:PDF},
	Journal = {Expert Systems with Applications},
	Month = {Октябрь},
	Owner = {hun},
	Timestamp = {2013.12.03},
	Title = {Media coverage in times of political crisis: a text mining approach},
	Volume = {39},
	Year = {2012}}

@book{practical_tm,
	Author = {Miner, G. and Delen, D. and Elder, J. and Fast, A. and Hill, T. and Nisbet, R.},
	Owner = {Hun},
	Publisher = {Elsevier},
	Timestamp = {2014.03.24},
	Title = {Practical Text Mining and Statistical Analysis for Non-structured Text Data Applications},
	Year = {2012}}

@book{federalist,
	Author = {Mosteller, F. and Wallace, D.L. and Nerbonne, J.},
	Owner = {Hun},
	Publisher = {Center for the Study of Language and Information},
	Series = {The David Hume Series},
	Timestamp = {2014.03.24},
	Title = {Inference and Disputed Authorship: The Federalist},
	Url = {http://books.google.ru/books?id=g7wbAQAAMAAJ},
	Year = {2008},
	Bdsk-Url-1 = {http://books.google.ru/books?id=g7wbAQAAMAAJ}}

@book{handbook_stat_dm,
	Author = {Nisbet, Robert and Elder, John and Miner, Gary},
	Owner = {ihun},
	Pages = {864},
	Publisher = {Academic Press},
	Quality = {1},
	Timestamp = {2013.10.17},
	Title = {Handbook of statistical analysis and data mining applications},
	Year = {2009}}

@inproceedings{tweets_to_polls,
	Address = {Washington},
	Author = {O'Connor, Brendan and Balasubramanyan, Ramnath and Routledge, Bryan R. and Smith, Noah A},
	Booktitle = {International AAAI Conference on Weblogs and Social Media},
	Owner = {Hun},
	Timestamp = {2014.03.24},
	Title = {From Tweets to Polls: Linking Text Sentiment to Public Opinion Time Series},
	Url = {http://www.cs.cmu.edu/~nasmith/papers/oconnor+balasubramanyan+routledge+smith.icwsm10.pdf},
	Year = {2010.},
	Bdsk-Url-1 = {http://www.cs.cmu.edu/~nasmith/papers/oconnor+balasubramanyan+routledge+smith.icwsm10.pdf}}

@article{authorLDA,
	Acmid = {1658381},
	Address = {New York, NY, USA},
	Articleno = {4},
	Author = {Rosen-Zvi, Michal and Chemudugunta, Chaitanya and Griffiths, Thomas and Smyth, Padhraic and Steyvers, Mark},
	Doi = {10.1145/1658377.1658381},
	Issn = {1046-8188},
	Issue_Date = {January 2010},
	Journal = {ACM Trans. Inf. Syst.},
	Keywords = {Gibbs sampling, Topic models, author models, perplexity, unsupervised learning},
	Month = {January},
	Number = {1},
	Numpages = {38},
	Pages = {4:1--4:38},
	Publisher = {ACM},
	Title = {Learning Author-topic Models from Text Corpora},
	Url = {http://doi.acm.org/10.1145/1658377.1658381},
	Volume = {28},
	Year = {2010},
	Bdsk-Url-1 = {http://doi.acm.org/10.1145/1658377.1658381},
	Bdsk-Url-2 = {http://dx.doi.org/10.1145/1658377.1658381}}

@conference{Schrodt2010,
	Author = {Philip A. Schrodt},
	Booktitle = {APSA 2010 Annual Meeting Paper},
	Institution = {Pennsylvania State University, Department of Political Science},
	Owner = {ihun},
	Timestamp = {2013.11.03},
	Title = {Seven Deadly Sins of Contemporary Quantitative Political Analysis},
	Url = {http://eventdata.psu.edu/7DS/Schrodt.7Sins.APSA10.pdf},
	Year = {2010},
	Bdsk-Url-1 = {http://eventdata.psu.edu/7DS/Schrodt.7Sins.APSA10.pdf}}

@book{silver2012,
	Author = {Nate Silver},
	Owner = {hun},
	Publisher = {Barnes \& Noble},
	Timestamp = {2015.05.31},
	Title = {The Signal and the Noise: Why So Many Predictions Fail -- but Some Don't},
	Year = {2012}}

@incollection{Smith2000,
	Address = {Cambridge, UK},
	Author = {Smith, C. P.},
	Booktitle = {Handbook of research methods in social and personality psychology},
	Editor = {Reis, H. T. and Judd, C. M.},
	Owner = {hun},
	Pages = {313-335},
	Publisher = {Cambridge University Press},
	Timestamp = {2014.11.17},
	Title = {Content analysis and narrative analysis},
	Year = {2000}}

@incollection{Talbott2013,
	Author = {Talbott, William},
	Booktitle = {The Stanford Encyclopedia of Philosophy},
	Edition = {Весна 2013},
	Editor = {Edward N. Zalta},
	Owner = {ihun},
	Timestamp = {2013.11.03},
	Title = {Bayesian Epistemology},
	Year = {2013}}

@article{psychological_meaning,
	Author = {Tausczik, Yla R. and Pennebaker, James W.},
	Journal = {Journal of Language and Social Psychology},
	Number = {1},
	Owner = {Hun},
	Pages = {24-54},
	Timestamp = {2014.03.24},
	Title = {The Psychological Meaning of Words: LIWC and Computerized Text Analysis Methods},
	Url = {http://homepage.psy.utexas.edu/HomePage/Faculty/Pennebaker/Reprints/Tausczik&Pennebaker2010.pdf},
	Volume = {29},
	Year = {2010},
	Bdsk-Url-1 = {http://homepage.psy.utexas.edu/HomePage/Faculty/Pennebaker/Reprints/Tausczik&Pennebaker2010.pdf}}

@article{SentiStrength,
	Acmid = {1890713},
	Address = {New York, NY, USA},
	Author = {Thelwall, Mike and Buckley, Kevan and Paltoglou, Georgios and Cai, Di and Kappas, Arvid},
	Issn = {1532-2882},
	Issue_Date = {December 2010},
	Journal = {J. Am. Soc. Inf. Sci. Technol.},
	Keywords = {affect, data mining, informal communication, machine learning, sentiment analysis},
	Month = {12},
	Number = {12},
	Numpages = {15},
	Pages = {2544--2558},
	Publisher = {John Wiley \& Sons, Inc.},
	Title = {Sentiment in Short Strength Detection Informal Text},
	Url = {http://www.scit.wlv.ac.uk/~cm1993/papers/SentiStrengthPreprint.pdf},
	Volume = {61},
	Year = {2010},
	Bdsk-Url-1 = {http://www.scit.wlv.ac.uk/~cm1993/papers/SentiStrengthPreprint.pdf}}

@inproceedings{ToTLDA,
	Acmid = {1150450},
	Address = {New York, NY, USA},
	Author = {Wang, Xuerui and McCallum, Andrew},
	Booktitle = {Proceedings of the 12th ACM SIGKDD International Conference on Knowledge Discovery and Data Mining},
	Doi = {10.1145/1150402.1150450},
	Isbn = {1-59593-339-5},
	Keywords = {graphical models, temporal analysis, topic modeling},
	Location = {Philadelphia, PA, USA},
	Numpages = {10},
	Pages = {424--433},
	Publisher = {ACM},
	Series = {KDD '06},
	Title = {Topics over Time: A non-Markov Continuous-time Model of Topical Trends},
	Url = {http://doi.acm.org/10.1145/1150402.1150450},
	Year = {2006},
	Bdsk-Url-1 = {http://doi.acm.org/10.1145/1150402.1150450},
	Bdsk-Url-2 = {http://dx.doi.org/10.1145/1150402.1150450}}

@inproceedings{Webster1992,
	Acmid = {992434},
	Address = {Stroudsburg, PA, USA},
	Author = {Webster, Jonathan J. and Kit, Chunyu},
	Booktitle = {Proceedings of the 14th Conference on Computational Linguistics - Volume 4},
	Doi = {10.3115/992424.992434},
	Location = {Nantes, France},
	Numpages = {5},
	Pages = {1106--1110},
	Publisher = {Association for Computational Linguistics},
	Series = {COLING '92},
	Title = {Tokenization As the Initial Phase in NLP},
	Url = {http://dx.doi.org/10.3115/992424.992434},
	Year = {1992},
	Bdsk-Url-1 = {http://dx.doi.org/10.3115/992424.992434}}

@inbook{HandbookCS,
	Author = {Wilhelm, Adalbert},
	Chapter = {Data and Knowledge Mining},
	Editor = {Gentle, J. E. and H{\"a}rdle, W. and Mori, Y.},
	File = {:/home/hun/Thesis/books/! gentle_j_e_et_al_eds_handbook_of_computational_statistics.pdf:PDF},
	Owner = {hun},
	Pages = {789-803},
	Publisher = {Springer},
	Timestamp = {2013.11.21},
	Title = {Handbook of Computational Statistics: Concepts and Methods},
	Year = {2004}}

@book{Averianov2007,
	Address = {Москва},
	Author = {Аверьянов, Л.Я.},
	Language = {russian},
	Owner = {hun},
	Publisher = {РГИУ},
	Timestamp = {2014.11.24},
	Title = {Контент-анализ},
	Year = {2007}}

@article{Aivazyan2008,
	Author = {Айвазян, С. А.},
	Journal = {Прикладная эконометрика},
	Journaltitle = {Прикладная эконометрика},
	Language = {russian},
	Number = {1(9)},
	Owner = {ihun},
	Pages = {93-130},
	Timestamp = {2013.11.03},
	Title = {Байесовский подход в эконометрическом анализе},
	Url = {http://pe.cemi.rssi.ru/pe_2008_1_93-130.pdf},
	Year = {2008},
	Bdsk-Url-1 = {http://pe.cemi.rssi.ru/pe_2008_1_93-130.pdf}}

@book{Aivazyan2001,
	Address = {Москва},
	Author = {Айвазян, С. А. and Мхитарян, В. С.},
	Edition = {2-е, исправленное},
	File = {:/home/hun/Thesis/books/Теория вероятностей/Айвазян С., Мхитарян В. Прикладная статистика и основы эконометрики, том 1.djvu:Djvu},
	Language = {russian},
	Owner = {ihun},
	Pages = {656},
	Publisher = {Юнити-Дана},
	Timestamp = {2013.11.03},
	Title = {Прикладная статистика. Основы эконометрики.},
	Type = {Учебник для вузов},
	Url = {http://ecsocman.hse.ru/text/33442857},
	Volume = {1},
	Year = {2001},
	Bdsk-Url-1 = {http://ecsocman.hse.ru/text/33442857}}

@book{bargesyan2009,
	Author = {Барсегян, А. А. and Куприянов, М. С. and Холод, И. И. and Тесс, М. Д. and Елизаров, С. И.},
	Edition = {3},
	Language = {russian},
	Owner = {hun},
	Publisher = {БХВ-Петербург},
	Timestamp = {2014.09.20},
	Title = {Анализ данных и процессов},
	Year = {2009}}

@article{bastian2013,
	Author = {Хильда Бастиан},
	Journal = {Scientific American},
	Language = {russian},
	Owner = {hun},
	Timestamp = {2015.05.22},
	Title = {Роль статистической значимости в неудачах науки},
	Url = {http://inosmi.ru/world/20131114/214743342.html},
	Year = {2013},
	Bdsk-Url-1 = {http://inosmi.ru/world/20131114/214743342.html}}

@booklet{voroncov2013,
	Author = {Воронцов, К. В.},
	Date-Added = {2015-01-09 13:21:28 +0000},
	Date-Modified = {2015-01-09 13:24:40 +0000},
	Language = {russian},
	Month = {Октябрь},
	Title = {Вероятностное тематическое моделирование},
	Year = {2013}}

@book{Gnedenko2005,
	Address = {Москва},
	Author = {Гнеденко, Б. В.},
	Edition = {8},
	Language = {russian},
	Owner = {ihun},
	Pagetotal = {448},
	Publisher = {Едиториал УРСС},
	Timestamp = {2013.10.21},
	Title = {Курс теории вероятностей},
	Year = {2005}}

@misc{Davydov_Knowledge,
	Author = {Давыдов, А. А.},
	Date = {7.11.13},
	Language = {russian},
	Owner = {ihun},
	Timestamp = {2013.11.07},
	Title = {Knowledge Discovery and Data Mining в системной социологии},
	Url = {http://www.isras.ru/Davydov_Knowledge.html},
	Year = {2013},
	Bdsk-Url-1 = {http://www.isras.ru/Davydov_Knowledge.html}}

@misc{Davidov_fatal,
	Author = {Давыдов, А. А.},
	Language = {russian},
	Month = {04},
	Owner = {hun},
	Timestamp = {2015.03.11},
	Title = {Фатальная ошибка социологии},
	Url = {http://ecsocman.hse.ru/text/28973359/},
	Year = {2010},
	Bdsk-Url-1 = {http://ecsocman.hse.ru/text/28973359/}}

@article{Duk2011,
	Author = {Дюк, В. А. and Флегонтов, А. В. and Фомина, И. К.},
	Journal = {Известия Российского государственного педагогического университета им. А.И. Герцена},
	Language = {russian},
	Number = {138},
	Owner = {ihun},
	Pages = {77-84},
	Timestamp = {2013.11.10},
	Title = {Применение технологий интеллектуального анализа данных в естественнонаучных, технических и гуманитарных областях},
	Year = {2011}}

@book{Zellner1980,
	Address = {Москва},
	Author = {Зельнер, А},
	File = {:/home/hun/Thesis/books/Теория вероятностей/0507496_8B2B1_zelner_a_baiesovskie_metody_v_ekonometrii.djvu:Djvu},
	Language = {russian},
	Owner = {ihun},
	Publisher = {Статистика},
	Timestamp = {2013.10.20},
	Title = {Байесовские методы в эконометрии},
	Year = {1980}}

@book{Iudin2010,
	Address = {Н.Новгород},
	Author = {Иудин, А.А. and Рюмин, А.М.},
	Language = {russian},
	Owner = {hun},
	Publisher = {Нижегородский государственный университет им. Н.И.Лобачевского},
	Timestamp = {2014.11.17},
	Title = {Контент-анализ текстов: компьютерные технологии: Учебное пособие.},
	Url = {http://window.edu.ru/resource/004/74004/files/Ctt_3.pdf},
	Year = {2010},
	Bdsk-Url-1 = {http://window.edu.ru/resource/004/74004/files/Ctt_3.pdf}}

@booklet{methodlogy_internet,
	Address = {СПб},
	Author = {Кольцова, О. Ю. and Павлова, Ю.},
	Language = {russian},
	Owner = {hun},
	Timestamp = {2014.02.07},
	Title = {К методологии сбора Интернет-данных для социологического анализа},
	Url = {http://www.hse.ru/data/2013/06/10/1283698963/Julija Pavlova, Olesja Kolcova,K metodol.. dlja sociologicheskogo analiza.pdf},
	Year = {2011},
	Bdsk-Url-1 = {http://www.hse.ru/data/2013/06/10/1283698963/Julija%20Pavlova,%20Olesja%20Kolcova,K%20metodol..%20dlja%20sociologicheskogo%20analiza.pdf}}

@incollection{jj_mapping2011,
	Address = {СПб},
	Author = {Кольцова, О Ю. and Рыков, Ю. Г. and Кольцов С. Н.},
	Booktitle = {Информационные системы для научных исследований: сборник научных статей. Труды XV Всероссийской объединенной конференции <<Интернет и современное обществ>>},
	Language = {russian},
	Owner = {hun},
	Publisher = {МультиПроджектСистемСервис},
	Timestamp = {2014.02.07},
	Title = {Картирование комментовых сообществ в Живом Журнале},
	Url = {http://www.hse.ru/pubs/lib/data/access/ticket/1391774851d0fd2270984e4354b93fb2e1ac234f48/Кольцова_Рыков.pdf},
	Year = {2011},
	Bdsk-Url-1 = {http://www.hse.ru/pubs/lib/data/access/ticket/1391774851d0fd2270984e4354b93fb2e1ac234f48/%D0%9A%D0%BE%D0%BB%D1%8C%D1%86%D0%BE%D0%B2%D0%B0_%D0%A0%D1%8B%D0%BA%D0%BE%D0%B2.pdf}}

@inproceedings{korshunov2012,
	Author = {Коршунов, Антон and Гомзин, Андрей},
	Booktitle = {Труды Института системного программирования РАН},
	Date-Added = {2015-01-09 12:47:57 +0000},
	Date-Modified = {2015-01-09 12:52:57 +0000},
	Language = {russian},
	Pages = {215-244},
	Publisher = {ИСП РАН},
	Rating = {0},
	Title = {Тематическое моделирование текстов на естественном языке},
	Volume = {23},
	Year = {2012}}

@book{Lande2006,
	Address = {Киев},
	Author = {Ландэ, Д.В.},
	Language = {russian},
	Owner = {hun},
	Publisher = {Инжиниринг},
	Timestamp = {2014.11.23},
	Title = {Основы интеграции информационных потоков},
	Year = {2006}}

@inproceedings{Maslinskiy2011,
	Author = {Маслинский, К. А.},
	Booktitle = {Материалы семинара <<Natural Language Processing (автоматическая обработка естественного языка)>>},
	Language = {russian},
	Month = {Декабрь},
	Owner = {hun},
	Timestamp = {2014.12.16},
	Title = {Совмещение «экспертного» и «статистического» подходов к исследованию обсуждений в блогосфере (на примере темы ислама)},
	Year = {2011}}

@article{kolcovalda,
	Author = {Митрофанова, О. А. and Шиморина, А. С. and Кольцова О. Ю. and Кольцов С. Н.},
	Date-Added = {2015-01-12 20:19:33 +0000},
	Date-Modified = {2015-01-12 20:25:13 +0000},
	Journal = {Структурная и прикладная лингвистика},
	Language = {russian},
	Title = {Моделирование семантических связей в текстах социальных сетей с помощью алгоритмаLDA (на материале русскоязычного сегмента Живого Журнала)},
	Volume = {11}}

@booklet{Morozova2007,
	Address = {Воронеж},
	Author = {Морозова, В. Н.},
	Language = {russian},
	Owner = {hun},
	Timestamp = {2014.12.07},
	Title = {Методы политического анализа: Учебно-методическое пособие},
	Year = {2007}}

@misc{black_hole,
	Author = {Орлов, А. И.},
	Language = {russian},
	Owner = {hun},
	Timestamp = {2015.03.11},
	Title = {Черная дыра отечественной социологии},
	Url = {http://www.ssa-rss.ru/index.php?page_id=19&id=456},
	Bdsk-Url-1 = {http://www.ssa-rss.ru/index.php?page_id=19&id=456}}

@inproceedings{hse_sentistrength,
	Address = {СПб},
	Author = {Павлова, Юлия Валерьевна and Кольцова, Олеся Юрьевна},
	Booktitle = {Избранные тезисы докладов IV Студенческой социологической межвузовской конференции},
	Editor = {Демин, М. Р.},
	Language = {russian},
	Owner = {hun},
	Publisher = {НИУ ВШЭ (Санкт-Петербург)},
	Timestamp = {2015.03.13},
	Title = {Метод автоматического анализа тональности текста в применении к социологическим задачам: на примере анализа комментариев к постам Живого Журнала},
	Year = {2013}}

@book{Pochepcov1998,
	Address = {Москва},
	Author = {Почепцов, Г.Г.},
	Language = {russian},
	Owner = {hun},
	Publisher = {Центр},
	Timestamp = {2014.11.17},
	Title = {Теория и практика коммуникации (от речей президентов до переговоров с террористами).},
	Year = {1998}}

@booklet{kolcovaJJ,
	Address = {СПб},
	Author = {Кольцова О. Ю. and Кольцов С. Н.},
	Date-Added = {2015-01-13 12:04:14 +0000},
	Date-Modified = {2015-01-13 12:06:22 +0000},
	Language = {russian},
	Title = {Статистический и тематический профиль «Живого журнала»}}

@misc{ari_rating,
	Language = {russian},
	Note = {Доступ: 2014-08-25},
	Owner = {hun},
	Timestamp = {2014.08.25},
	Title = {Рейтинг АРИ омских интернет-СМИ. Сводка},
	Url = {http://omsk-journal.ru/publ/9-1-0-116},
	Bdsk-Url-1 = {http://omsk-journal.ru/publ/9-1-0-116}}

@misc{venezuala,
	Language = {russian},
	Note = {Доступ: 2014-08-25},
	Owner = {hun},
	Timestamp = {2015.05.19},
	Title = {Прогноз выборов в Венесуэле},
	Url = {http://vox-populi.ru/venezuala.phtml},
	Bdsk-Url-1 = {http://vox-populi.ru/venezuala.phtml}}
